<record><leader>00000cas a22000007a 4500</leader><controlfield tag="001">21985281</controlfield><controlfield tag="008">900710c19809999okuwr n       0    0eng d</controlfield><datafield ind1=" " ind2=" " tag="010"><subfield code="a">sn 95076186 </subfield></datafield><datafield ind1=" " ind2=" " tag="040"><subfield code="a">OKN</subfield><subfield code="b">eng</subfield><subfield code="c">OKN</subfield><subfield code="d">OBN</subfield><subfield code="d">OCL</subfield><subfield code="d">OCLCQ</subfield><subfield code="d">OCLCF</subfield><subfield code="d">OCLCO</subfield></datafield><datafield ind1=" " ind2=" " tag="019"><subfield code="a">33295291</subfield></datafield><datafield ind1="1" ind2=" " tag="029"><subfield code="a">AU@</subfield><subfield code="b">000022177726</subfield></datafield><datafield ind1=" " ind2=" " tag="032"><subfield code="a">683130</subfield><subfield code="b">USPS</subfield></datafield><datafield ind1=" " ind2=" " tag="042"><subfield code="a">msc</subfield></datafield><datafield ind1=" " ind2=" " tag="043"><subfield code="a">n-us-ok</subfield></datafield><datafield ind1="0" ind2=" " tag="130"><subfield code="a">Fort Gibson times (Fort Gibson, Okla. : 1980)</subfield></datafield><datafield ind1="1" ind2="0" tag="245"><subfield code="a">Fort Gibson times.</subfield></datafield><datafield ind1=" " ind2=" " tag="260"><subfield code="a">Fort Gibson, Okla. :</subfield><subfield code="b">Joyce Goldfield</subfield></datafield><datafield ind1=" " ind2=" " tag="300"><subfield code="a">v.</subfield></datafield><datafield ind1=" " ind2=" " tag="310"><subfield code="a">Weekly</subfield></datafield><datafield ind1=" " ind2=" " tag="588"><subfield code="a">Description based on: Vol. 3, no. 6 (Apr 22, 1982).</subfield></datafield><datafield ind1=" " ind2="0" tag="651"><subfield code="a">Fort Gibson (Okla.)</subfield><subfield code="v">Newspapers.</subfield></datafield><datafield ind1=" " ind2="0" tag="651"><subfield code="a">Muskogee County (Okla.)</subfield><subfield code="v">Newspapers.</subfield></datafield><datafield ind1=" " ind2="7" tag="655"><subfield code="a">Newspapers.</subfield><subfield code="2">fast</subfield><subfield code="0">(OCoLC)fst01423814</subfield></datafield><datafield ind1=" " ind2="7" tag="651"><subfield code="a">Oklahoma</subfield><subfield code="z">Fort Gibson.</subfield><subfield code="2">fast</subfield><subfield code="0">(OCoLC)fst01205640</subfield></datafield><datafield ind1=" " ind2="7" tag="651"><subfield code="a">Oklahoma</subfield><subfield code="z">Muskogee County.</subfield><subfield code="2">fast</subfield><subfield code="0">(OCoLC)fst01218307</subfield></datafield><datafield ind1=" " ind2=" " tag="752"><subfield code="a">United States</subfield><subfield code="b">Oklahoma</subfield><subfield code="d">Fort Gibson.</subfield></datafield></record>